
@book{zuur2009,
	title = {Mixed effects models and extensions in ecology with R},
	author = {Zuur, Alain F. and Ieno, Elena N. and Walker, Neil and Saveliev, Anatoly A. and Smith, Graham M.},
	year = {2009},
	date = {2009},
	publisher = {Springer New York},
	doi = {10.1007/978-0-387-87458-6},
	url = {http://dx.doi.org/10.1007/978-0-387-87458-6},
	langid = {en}
}

@article{gillibrand2007,
	title = {Seasonal development of a deep pelagic bioluminescent layer in the temperate NE Atlantic Ocean},
	author = {Gillibrand, EJV and Jamieson, AJ and Bagley, PM and Zuur, AF and Priede, IG},
	year = {2007},
	date = {2007},
	journal = {Marine Ecology Progress Series},
	pages = {37--44},
	volume = {341},
	doi = {10.3354/meps341037},
	url = {http://dx.doi.org/10.3354/meps341037},
	langid = {en}
}
